<?xml version="1.0" encoding="UTF-8" ?>
<record Numero="11938165" format="InterXMarc_Complet" type="Authority">
<leader>01967c0 au22000272  45  <Pos Code="0004">01967</Pos>
<Pos Code="05" Sens="notice modifiée">c</Pos>
<Pos Code="06" Sens="notice validée par les services d&apos;autorité">0</Pos>
<Pos Code="08" Sens="notice d&apos;autorité">a</Pos>
<Pos Code="09" Sens="titre uniforme musical (TUM)">u</Pos>
<Pos Code="10">2</Pos>
<Pos Code="11">2</Pos>
<Pos Code="1216">00027</Pos>
<Pos Code="17" Sens="autres cas">2</Pos>
<Pos Code="20">4</Pos>
<Pos Code="21">5</Pos>
</leader>
<controlfield tag="001">FRBNF119381655<Pos Code="0001">FR</Pos>
<Pos Code="0204">BNF</Pos>
<Pos Code="0512">11938165</Pos>
<Pos Code="13">5</Pos>
</controlfield>
<controlfield tag="008">810429100331yyfre nat       1792                             010 <Pos Code="0001">81</Pos>
<Pos Code="0203">04</Pos>
<Pos Code="0405">29</Pos>
<Pos Code="0607">10</Pos>
<Pos Code="0809">03</Pos>
<Pos Code="1011">31</Pos>
<Pos Code="1213" Sens="ne s&apos;applique pas">yy</Pos>
<Pos Code="1416" Sens="français">fre</Pos>
<Pos Code="1820" Sens="hymne national">nat</Pos>
<Pos Code="2831">1792</Pos>
<Pos Code="61" Sens="La vedette peut être liée à une notice bibliographique pour les accès signalétiques et/ou pour l&apos;accès matière RAMEAU">0</Pos>
<Pos Code="62" Sens="La vedette ne peut s&apos;employer qu&apos;en tête de vedette">1</Pos>
<Pos Code="63" Sens="La vedette n&apos;admet pas de subdivision géographique">0</Pos>
</controlfield>
<datafield tag="100" ind1=" " ind2=" ">
	<subfield code="3">13980042</subfield>
	<subfield code="w"> 0  b     </subfield>
	<subfield code="a">Rouget de Lisle</subfield>
	<subfield code="m">Claude Joseph</subfield>
	<subfield code="d">1760-1836</subfield>
</datafield>
<datafield tag="144" ind1="1" ind2=" ">
	<subfield code="w">....b.fre.</subfield>
	<subfield code="a" Barre="3">La Marseillaise</subfield>
</datafield>
<datafield tag="301" ind1="2" ind2=" ">
	<subfield code="3">14843907</subfield>
	<subfield code="a">Berlioz</subfield>
	<subfield code="m">Hector</subfield>
	<subfield code="d">1803-1869</subfield>
	<subfield code="t">[Hymne des Marseillais. H 51B]</subfield>
</datafield>
<datafield tag="301" ind1="2" ind2=" ">
	<subfield code="3">13923285</subfield>
	<subfield code="a">Berlioz</subfield>
	<subfield code="m">Hector</subfield>
	<subfield code="d">1803-1869</subfield>
	<subfield code="t">[Hymne des Marseillais. H 51A]</subfield>
</datafield>
<datafield tag="444" ind1="1" ind2=" ">
	<subfield code="w">....b.fre.</subfield>
	<subfield code="a">Air des Marseillais</subfield>
</datafield>
<datafield tag="444" ind1="1" ind2=" ">
	<subfield code="w">....b.fre.</subfield>
	<subfield code="a">Air des Marseillois</subfield>
</datafield>
<datafield tag="444" ind1="1" ind2=" ">
	<subfield code="w">....b.fre.</subfield>
	<subfield code="a">Allons, enfants de la patrie</subfield>
</datafield>
<datafield tag="444" ind1="1" ind2=" ">
	<subfield code="w">....b.fre.</subfield>
	<subfield code="a">Chanson des Marseillais</subfield>
</datafield>
<datafield tag="444" ind1="1" ind2=" ">
	<subfield code="w">....b.fre.</subfield>
	<subfield code="a">Chanson des Marseillois</subfield>
</datafield>
<datafield tag="444" ind1="1" ind2=" ">
	<subfield code="w">....b.fre.</subfield>
	<subfield code="a">Chant de guerre pour l&apos;armée du Rhin</subfield>
</datafield>
<datafield tag="444" ind1="1" ind2=" ">
	<subfield code="w">....b.fre.</subfield>
	<subfield code="a">Chant national de la France</subfield>
</datafield>
<datafield tag="444" ind1="1" ind2=" ">
	<subfield code="w">....b.fre.</subfield>
	<subfield code="a">Chant national français</subfield>
</datafield>
<datafield tag="444" ind1="1" ind2=" ">
	<subfield code="w">....b.fre.</subfield>
	<subfield code="a">Hymne à la patrie</subfield>
</datafield>
<datafield tag="444" ind1="1" ind2=" ">
	<subfield code="w">....b.fre.</subfield>
	<subfield code="a">Hymne des Marseillais</subfield>
</datafield>
<datafield tag="444" ind1="1" ind2=" ">
	<subfield code="w">....b.fre.</subfield>
	<subfield code="a">Hymne des Marseillois</subfield>
</datafield>
<datafield tag="444" ind1="1" ind2=" ">
	<subfield code="w">....b.fre.</subfield>
	<subfield code="a">Hymne et marche des Marseillais</subfield>
</datafield>
<datafield tag="444" ind1="1" ind2=" ">
	<subfield code="w">....b.fre.</subfield>
	<subfield code="a">Hymne et marche des Marseillois</subfield>
</datafield>
<datafield tag="444" ind1="1" ind2=" ">
	<subfield code="w">....b.fre.</subfield>
	<subfield code="a">Hymne national des Français</subfield>
</datafield>
<datafield tag="444" ind1="1" ind2=" ">
	<subfield code="w">....b.fre.</subfield>
	<subfield code="a">Hymne national français</subfield>
</datafield>
<datafield tag="444" ind1="1" ind2=" ">
	<subfield code="w">....b.fre.</subfield>
	<subfield code="a">Marche des Marseillais</subfield>
</datafield>
<datafield tag="444" ind1="1" ind2=" ">
	<subfield code="w">....b.fre.</subfield>
	<subfield code="a">Marche des Marseillois</subfield>
</datafield>
<datafield tag="600" ind1=" " ind2=" ">
	<subfield code="a">Chant patriotique devenu hymne national français, composé (paroles et musique) à Strasbourg dans la nuit du 25 au 26 avril 1792 (8 au 9 thermidor an II) par le capitaine de génie Rouget de Lisle. D&apos;abord intitulé &quot;Chant de guerre pour l&apos;armée du Rhin&quot;, cet hymne fut adopté par le bataillon de fédérés de Marseille, venu à Paris en août 1792 et qui prit part à la journée du 10 août. Devenue chant national par un décret daté du 14 juillet 1795 (26 messidor an III), &quot;La Marseillaise&quot; fut interdite sous la Restauration et le Second Empire. Elle devint définitivement l&apos;hymne national de la France en 1879.</subfield>
</datafield>
<datafield tag="610" ind1=" " ind2=" ">
	<subfield code="a">Histoire de la Marseillaise / H. Luxardo, 1989</subfield>
</datafield>
<datafield tag="610" ind1=" " ind2=" ">
	<subfield code="a">Dictionnaire des œuvres de l&apos;art vocal : G-O / sous la dir. de M. Honegger et P. Prévost, 1991</subfield>
</datafield>
<datafield tag="624" ind1=" " ind2=" ">
	<subfield code="a">780<Pos Code="0002" Sens="Musique">780</Pos>
</subfield>
</datafield>
<datafield tag="624" ind1=" " ind2=" ">
	<subfield code="a">944<Pos Code="0002" Sens="Histoire de la France">944</Pos>
</subfield>
</datafield>
<datafield tag="907" ind1=" " ind2=" ">
	<subfield code="o">GEA</subfield>
	<subfield code="a">000599856</subfield>
</datafield>
<datafield tag="917" ind1=" " ind2=" ">
	<subfield code="o">OPL</subfield>
	<subfield code="a">001605116</subfield>
</datafield>
<Alter Ori="13980042">
<datafield tag="400" ind1=" " ind2=" ">
	<subfield code="w">....b.....</subfield>
	<subfield code="a">Lisle</subfield>
	<subfield code="m">Claude-Joseph Rouget de</subfield>
	<subfield code="d">1760-1836</subfield>
</datafield>
<datafield tag="400" ind1=" " ind2=" ">
	<subfield code="w">....b.....</subfield>
	<subfield code="a">Rouget Delisle</subfield>
	<subfield code="m">Joseph</subfield>
	<subfield code="d">1760-1836</subfield>
</datafield>
<datafield tag="400" ind1=" " ind2=" ">
	<subfield code="w">....b.....</subfield>
	<subfield code="a">Delisle</subfield>
	<subfield code="m">Joseph Rouget</subfield>
	<subfield code="d">1760-1836</subfield>
</datafield>
<datafield tag="400" ind1=" " ind2=" ">
	<subfield code="w">....b.....</subfield>
	<subfield code="a">Rouget de L&apos;Isle</subfield>
	<subfield code="m">Claude-Joseph</subfield>
	<subfield code="d">1760-1836</subfield>
</datafield>
<datafield tag="400" ind1=" " ind2=" ">
	<subfield code="w">....b.....</subfield>
	<subfield code="a">Rouget de L&apos;Isle</subfield>
	<subfield code="m">Joseph</subfield>
	<subfield code="d">1760-1836</subfield>
</datafield>
<datafield tag="400" ind1=" " ind2=" ">
	<subfield code="w">....b.....</subfield>
	<subfield code="a">Rouget de Lisle</subfield>
	<subfield code="m">Joseph</subfield>
	<subfield code="d">1760-1836</subfield>
</datafield>
<datafield tag="400" ind1=" " ind2=" ">
	<subfield code="w">....b.....</subfield>
	<subfield code="a">L&apos;Isle</subfield>
	<subfield code="m">Claude-Joseph Rouget de</subfield>
	<subfield code="d">1760-1836</subfield>
</datafield>
<datafield tag="400" ind1=" " ind2=" ">
	<subfield code="w">....b.....</subfield>
	<subfield code="a">R.D.L.</subfield>
	<subfield code="d">1760-1836</subfield>
</datafield>
</Alter>
<Attr Nom="IDPerenne">ark:/12148/cb119381658</Attr>
<Attr Nom="NumSource">GEA 000599856</Attr>
<Attr Nom="Source" Sens="BnF catalogue général (depuis 1999)">A</Attr>
<Attr Nom="NumAutoriteLiee">13980042148439071392328512131844</Attr>
<Attr Nom="DateCreation">06/07/ 1985</Attr>
<Attr Nom="ResponsableCreation">MIGV1</Attr>
<Attr Nom="StructCreation">1</Attr>
<Attr Nom="DateDerniereValidation">08/11/ 2010</Attr>
<Attr Nom="ResponsableDerniereValidation">MIGV4</Attr>
<Attr Nom="StructPremiereValidation">1</Attr>
<Attr Nom="DatePremiereValidation">06/07/ 1985</Attr>
<Attr Nom="ResponsablePremiereValidation">MIGV1</Attr>
<Attr Nom="StructDerniereValidation">1</Attr>
<Attr Nom="NumSource" Rep="1">OPL 001605116</Attr>
</record>